@Misc{AL,
title = {Thermische Elektronenemission },
note = {Eingesehen am 28.06.2020},
url = {https://moodle.tu-dortmund.de/pluginfile.php/1138340/mod_resource/content/2/V504.pdf},
NICHT_BENOETIGT_howpublished ="\url{https://moodle.tu-dortmund.de/pluginfile.php/1138340/mod_resource/content/2/V504.pdf}",
key = {AL},
}
