@Misc{AL,
title = {Grundlagen der Ultraschalltechnik},
note = {Eingesehen am 28.06.2020},
url = {https://moodle.tu-dortmund.de/pluginfile.php/1138348/mod_resource/content/2/V901.pdf},
NICHT_BENOETIGT_howpublished ="\url{https://moodle.tu-dortmund.de/pluginfile.php/1138348/mod_resource/content/2/V901.pdf}",
key = {AL},
}
@article{1,
    author = "As­sis­ten­tin Nicole Schulte ",
    title =  " Die Messdaten  zur Schallgeschwindigkeitsbestimmung mit dem Durchschaltungs-Verfahren",
    note = {Eingenomen am 30.06.2020},
    key = {1},
}
@Misc{s,
title = {Schallgeschwindigkeiten im Material},
note = {Eingesehen am 05.07.2020},
url = {https://www.olympus-ims.com/de/ndt-tutorials/thickness-gage/appendices-velocities/},
NICHT_BENOETIGT_howpublished ="\url{https://www.olympus-ims.com/de/ndt-tutorials/thickness-gage/appendices-velocities/}",
key = {s},
}