@Misc{1,
title = {V702 Aktivierung mit Neutronen},
note = {Eingesehen am 25.06.2020},
url = {https://moodle.tu-dortmund.de/mod/folder/view.php?id=600354},
NICHT_BENOETIGT_howpublished ="\url{https://moodle.tu-dortmund.de/mod/folder/view.php?id=600354}",
key = {1},
}
@Misc{2,
title = {Die Halbwertzeit von Vanadium 52},
note = {Eingesehen am 29.06.2020},
url = {http://www.periodensystem-online.de/index.php?id=isotope&el=23&mz=52&nrg=0&show=nuklid&sel=},
NICHT_BENOETIGT_howpublished ="\url{http://www.periodensystem-online.de/index.php?id=isotope&el=23&mz=52&nrg=0&show=nuklid&sel=}",
key = {2},
}

@Misc{3,
title = {Die Halbwertzeit von Rohdium},
note = {Eingesehen am 29.06.2020},
url = {http://www.periodensystem-online.de/index.php?id=isotope&el=45&mz=104&nrg=0.129&show=nuklid&sel=},
NICHT_BENOETIGT_howpublished ="\url{http://www.periodensystem-online.de/index.php?id=isotope&el=45&mz=104&nrg=0.129&show=nuklid&sel=}",
key = {3},
}
