@Misc{AL,
title = {Das Geiger-Müllerzählrohr},
note = {Eingesehen am 19.05.2020},
url = {https://moodle.tu-dortmund.de/mod/folder/view.php?id=596939},
NICHT_BENOETIGT_howpublished ="\url{https://moodle.tu-dortmund.de/mod/folder/view.php?id=596939}",
key = {AL},
}
