@Misc{AL,
title = {Geometrische Optik},
note = {Eingesehen am 28.06.2020},
url = {https://moodle.tu-dortmund.de/pluginfile.php/1138337/mod_resource/content/1/V408.pdf},
NICHT_BENOETIGT_howpublished ="\url{https://moodle.tu-dortmund.de/pluginfile.php/1138337/mod_resource/content/1/V408.pdf}",
key = {AL},
}