@Misc{AL,
title = {V501/2 Elektronen im E-Feld und B-Feld},
note = {Eingesehen am 28.06.2020},
url = {https://moodle.tu-dortmund.de/mod/folder/view.php?id=531121},
NICHT_BENOETIGT_howpublished ="\url{https://moodle.tu-dortmund.de/mod/folder/view.php?id=531121}",
key = {AL},
}
@Misc{LT,
title = {The specific charge of an electron},
note = {Eingesehen am 06.07.2020},
url = {https://physics.nist.gov/cuu/Constants/index.html},
NICHT_BENOETIGT_howpublished ="\url{https://physics.nist.gov/cuu/Constants/index.html}",
key = {LT},
}