@Misc{1,
title = {Der Photoeffekt},
note = {Eingesehen am 07.07.2020},
url = {https://moodle.tu-dortmund.de/pluginfile.php/1138338/mod_resource/content/2/V500.pdf},
NICHT_BENOETIGT_howpublished ="\url{https://moodle.tu-dortmund.de/pluginfile.php/1138338/mod_resource/content/2/V500.pdf}",
key = {1},
}
@Misc{2,
title = {Plancksches Wirkungsquantum},
note = {Eingesehen am 17.07.2020},
url = {https://studyflix.de/chemie/plancksches-wirkungsquantum-1818},
NICHT_BENOETIGT_howpublished ="\url{https://studyflix.de/chemie/plancksches-wirkungsquantum-1818}",
key = {2},
}
https://www.chemie.de/lexikon/Elementarladung.html

@Misc{3,
title = {Elementarladung},
note = {Eingesehen am 17.07.2020},
url = {https://www.chemie.de/lexikon/Elementarladung.html},
NICHT_BENOETIGT_howpublished ="\url{https://www.chemie.de/lexikon/Elementarladung.html}",
key = {3},
}