@Misc{XT,
title = {X-ray Transition Energies Database},
note = {Eingesehen am 10.05.2020},
url = {https://physics.nist.gov/PhysRefData/XrayTrans/Html/search.html/},
NICHT_BENOETIGT_howpublished ="\url{https://physics.nist.gov/PhysRefData/XrayTrans/Html/search.html/}",
key = {XT},
}

@Misc{AL,
title = {RÃ¶ntgenemission und -absorption},
note = {Eingesehen am 06.05.2020},
url = {https://moodle.tu-dortmund.de/mod/folder/view.php?id=578733},
NICHT_BENOETIGT_howpublished ="\url{https://moodle.tu-dortmund.de/mod/folder/view.php?id=578733}",
key = {AL},
}

@Misc{RB,
title = {Rydberg constant},
note = {Eingesehen am 10.05.2020},
url = {https://en.wikipedia.org/wiki/Rydberg_constant},
NICHT_BENOETIGT_howpublished ="\url{https://en.wikipedia.org/wiki/Rydberg_constant}",
key = {RB},
}


