@Misc{1,
title = {V406 Beugung am Spalt},
note = {Eingesehen am 07.07.2020},
url = {https://moodle.tu-dortmund.de/mod/assign/view.php?id=531105},
NICHT_BENOETIGT_howpublished ="\url{https://moodle.tu-dortmund.de/mod/assign/view.php?id=531105}",
key = {1},
}